<?xml version="1.0" encoding="UTF-8"?><collection xmlns="http://www.loc.gov/MARC21/slim"><record><leader>00394nam--2200133-i-4500</leader><controlfield tag="001">000011049</controlfield><controlfield tag="002">20161230</controlfield><controlfield tag="005">20161230201029</controlfield><controlfield tag="008">060222s1000------------r-----000-0-eng-d</controlfield><datafield ind1=" " ind2=" " tag="080"><subfield code="a">33:725.4</subfield></datafield><datafield ind1=" " ind2=" " tag="100"><subfield code="a">Adler, Ladislau, Enescu, Mircea Si Baiculescu Emilian</subfield></datafield><datafield ind1=" " ind2=" " tag="245"><subfield code="a">Arhitectura industriei contemporane, probleme economice</subfield></datafield><datafield ind1=" " ind2=" " tag="260"><subfield code="a">Bucuresti, Editura Tehnica, F.An. 306 P</subfield></datafield><datafield ind1=" " ind2=" " tag="852"><subfield code="a">37729</subfield></datafield></record></collection>